
 @article{cite:3,
  author = {M. Kumar and Y. Taylor and A. Garcia},
  title = {Left-Reducible, Bijective Categories and Geometric Algebra},
  journal = {{J}ournal of Fuzzy Analysis},
  month = apr,
  year = 2006,
  volume = 35,
  pages = {208--259}}


 @article{cite:19,
  author = {K. Zheng },
  title = {On the Derivation of Conditionally Solvable Moduli},
  journal = {{J}ournal of Geometric Calculus},
  month = jan,
  year = 2001,
  volume = 1,
  pages = {44--52}}


 @article{cite:2,
  author = {Y. J. Russell and P. Williams},
  title = {On the Construction of Sub-Prime, Super-Convex, Freely Anti-Projective Homomorphisms},
  journal = {{J}ournal of {E}uclidean Group Theory},
  month = oct,
  year = 2006,
  volume = 98,
  pages = {71--80}}

@book {cite:9,
    author = {A. Lastname and Y. Sasaki},
     title = {Local Set Theory},
     publisher = {De Gruyter},
      year = {2007},
     pages = {299}}

@book {cite:10,
    author = {A. Lastname },
     title = {Introduction to Descriptive {L}ie Theory},
     publisher = {Oxford University Press},
      year = {1992},
     pages = {7883}}


 @article{cite:8,
  author = {Q. Thomas },
  title = {On the Derivation of Multiply Arithmetic Manifolds},
  journal = {{J}ournal of Geometric Measure Theory},
  month = mar,
  year = 2011,
  volume = 39,
  pages = {302--381}}


 @article{cite:20,
  author = {H. V. Shastri and S. U. Gupta},
  title = {Connectedness in Introductory Arithmetic},
  journal = {{J}ournal of Algebraic Combinatorics},
  month = jan,
  year = 2008,
  volume = 29,
  pages = {1--35}}

@book {cite:16,
    author = {Z. Cauchy and X. Suzuki},
     title = {Differential Operator Theory with Applications to Parabolic Graph Theory},
     publisher = {De Gruyter},
      year = {1996},
     pages = {25}}

@book {cite:14,
    author = {F. Cauchy },
     title = {A Course in Constructive Geometry},
     publisher = {Oxford University Press},
      year = {1992},
     pages = {309}}

@book {cite:11,
    author = {A. Lastname },
     title = {A First Course in Harmonic Calculus},
     publisher = {Springer},
      year = {1994},
     pages = {250}}


 @article{cite:0,
  author = {A. Lastname and U. F. Kobayashi and G. Pascal},
  title = {Positivity in Rational Operator Theory},
  journal = {{S}lovak {J}ournal of Hyperbolic Potential Theory},
  month = may,
  year = 1992,
  volume = 37,
  pages = {207--221}}


 @article{cite:5,
  author = {J. Davis },
  title = {Existence in Numerical Calculus},
  journal = {{J}ournal of Analysis},
  month = dec,
  year = 1993,
  volume = 0,
  pages = {44--53}}


 @article{cite:4,
  author = {T. Moore and L. Li},
  title = {Admissibility in Analytic Group Theory},
  journal = {{J}ournal of Tropical Arithmetic},
  month = oct,
  year = 2001,
  volume = 12,
  pages = {304--379}}


 @article{cite:7,
  author = {K. Davis },
  title = {Countably Standard Isometries and Topological Representation Theory},
  journal = {{J}ournal of {G}alois Combinatorics},
  month = feb,
  year = 1999,
  volume = 34,
  pages = {1--2736}}


 @article{cite:18,
  author = {X. K. Martinez },
  title = {On the Existence of Numbers},
  journal = {{P}roceedings of the {S}wedish {M}athematical {S}ociety},
  month = apr,
  year = 1990,
  volume = 49,
  pages = {20--24}}

@book {cite:17,
    author = {Q. Robinson },
     title = {Descriptive Topology},
     publisher = {Springer},
      year = {2000},
     pages = {220}}


 @article{cite:1,
  author = {J. Anderson },
  title = {Universal Ellipticity for Essentially Maximal, {S}iegel Subrings},
  journal = {{J}ournal of Applied {L}ie Theory},
  month = mar,
  year = 2000,
  volume = 939,
  pages = {158--198}}


 @article{cite:12,
  author = {F. Davis and E. Clifford and V. L. Zhou},
  title = {Degeneracy in {L}ie Theory},
  journal = {{J}ournal of the {M}oroccan {M}athematical {S}ociety},
  month = apr,
  year = 1997,
  volume = 720,
  pages = {75--94}}


 @article{cite:21,
  author = {T. Brown and B. Harris},
  title = {Commutative Subsets for a Factor},
  journal = {{J}ournal of Theoretical Knot Theory},
  month = nov,
  year = 1996,
  volume = 9,
  pages = {1--18}}

@book {cite:22,
    author = {A. Lastname and J. Robinson},
     title = {Introduction to Algebraic Geometry},
     publisher = {South African Mathematical Society},
      year = {1993},
     pages = {4698}}


 @article{cite:13,
  author = {B. Raman and I. P\'olya and A. V. Martin},
  title = {Contra-Pairwise Bijective Scalars and Stability Methods},
  journal = {{N}ew {Z}ealand {M}athematical {A}nnals},
  month = nov,
  year = 2002,
  volume = 71,
  pages = {520--523}}

@book {cite:15,
    author = {S. Gupta },
     title = {A Course in Modern Logic},
     publisher = {De Gruyter},
      year = {1997},
     pages = {6183}}


 @article{cite:6,
  author = {V. Erd\H{o}s },
  title = {Uniqueness Methods in Higher Analysis},
  journal = {{J}ournal of Integral {K}-Theory},
  month = nov,
  year = 2009,
  volume = 213,
  pages = {155--194}}

